@techreport{RFC6241,
  author = {R. Enns and M. Bjorklund and J. Schoenwaelder and A. Bierman},
  title = {Network Configuration Protocol (NETCONF)},
  howpublished = {Internet Requests for Comments},
  type = {RFC},
  number = {6241},
  year = {2011},
  month = {June},
  issn = {2070-1721},
  publisher = {RFC Editor},
  institution = {RFC Editor},
  url = {http://www.rfc-editor.org/rfc/rfc6241.txt},
}

@techreport{RFC8040,
  author = {A. Bierman and M. Bjorklund and K. Watsen},
  title = {RESTCONF Protocol},
  howpublished = {Internet Requests for Comments},
  type = {RFC},
  number = {8040},
  year = {2017},
  month = {January},
  issn = {2070-1721},
  publisher = {RFC Editor},
  institution = {RFC Editor},
}

@techreport{RFC7950,
  author = {M. Bjorklund},
  title = {The YANG 1.1 Data Modeling Language},
  howpublished = {Internet Requests for Comments},
  type = {RFC},
  number = {7950},
  year = {2016},
  month = {August},
  issn = {2070-1721},
  publisher = {RFC Editor},
  institution = {RFC Editor},
}

@techreport{RFC8342,
  author = {M. Bjorklund and J. Schoenwaelder and P. Shafer and K. Watsen and R. Wilton},
  title = {Network Management Datastore Architecture (NMDA)},
  howpublished = {Internet Requests for Comments},
  type = {RFC},
  number = {8342},
  year = {2018},
  month = {March},
  issn = {2070-1721},
  publisher = {RFC Editor},
  institution = {RFC Editor},
}

@techreport{draft-ietf-tcpm-yang-tcp,
  author = {Michael Scharf and Mahesh Jethanandani and Vishal Murgai},
  title = {YANG Model for Transmission Control Protocol (TCP) Configuration},
  howpublished = {Working Draft},
  type = {Internet-Draft},
  number = {draft-ietf-tcpm-yang-tcp-04},
  year = {2021},
  month = {October},
  institution = {IETF Secretariat},
  url = {https://www.ietf.org/archive/id/draft-ietf-tcpm-yang-tcp-04.txt}
}

@misc{clixon-repo,
  author = {Olof Hagsand},
  title = {Clixon},
  publisher = {GitHub},
  journal = {GitHub repository},
  url = {https://github.com/clicon/clixon}
}

@misc{clixon-documentation,
  author = {Olof Hagsand},
  title = {Clixon Documentation},
  url = {https://clixon-docs.readthedocs.io/en/latest/}
}

@misc{confd,
  author = {{Tail-f, a Cisco Company}},
  title = {ConfD},
  url = {http://www.tail-f.com/confd}
}

@misc{netopeer2,
  author = {{CESNET}},
  title = {Netopeer2},
  url = {https://github.com/CESNET/netopeer2}
}

@inproceedings{libnetconf-krejci,  
    author={Krejci, Radek},  
    booktitle={2013 IFIP/IEEE International Symposium on Integrated Network Management (IM 2013)},
    title={Building NETCONF-enabled network management systems with libnetconf},   
    year={2013},  
    volume={},  
    number={},  
    pages={756-759},  
    doi={}
}

@INPROCEEDINGS{netconf-interop-lab,  
    author={Bajpai, Vaibhav and Schönwälder, Jürgen},  
    booktitle={2014 IEEE Network Operations and Management Symposium (NOMS)},   
    title={NETCONF Interoperability Lab},   
    year={2014},  
    volume={},  
    number={},  
    pages={1-2},  
    doi={10.1109/NOMS.2014.6838278}
}

@inproceedings{ietf-110,  
    author={Scharf, Michael and Murgai, Vishal and Jethanandani, Mahesh},  
    booktitle={IETF 110 Proceedings},
    title={Status update on draft-ietf-tcpm-yang-tcp},   
    url = {https://datatracker.ietf.org/meeting/110/materials/slides-110-tcpm-draft-ietf-tcpm-yang-tcp-00},
    year={2021}
}

@inproceedings{ietf-111,  
    author={Scharf, Michael and Murgai, Vishal and Jethanandani, Mahesh},  
    booktitle={IETF 111 Proceedings},
    title={Status update on draft-ietf-tcpm-yang-tcp},
    url = {https://datatracker.ietf.org/meeting/111/materials/slides-111-tcpm-tcp-yang-update-00},
    year={2021}
}